<record><leader>00000cas a22000007a 4500</leader><controlfield tag="001">13841713</controlfield><controlfield tag="008">860709d18591866pauwr ne      0    0eng d</controlfield><datafield ind1=" " ind2=" " tag="010"><subfield code="a">sn 86053559 </subfield></datafield><datafield ind1=" " ind2=" " tag="040"><subfield code="a">NPX</subfield><subfield code="b">eng</subfield><subfield code="c">NPX</subfield><subfield code="d">NPH</subfield><subfield code="d">OCLCQ</subfield></datafield><datafield ind1=" " ind2=" " tag="042"><subfield code="a">msc</subfield></datafield><datafield ind1="0" ind2="0" tag="245"><subfield code="a">Huntingdon journal and American.</subfield></datafield><datafield ind1="1" ind2="3" tag="246"><subfield code="a">Semi-weekly Huntingdon journal and American</subfield></datafield><datafield ind1="3" ind2="0" tag="246"><subfield code="a">Journal American</subfield></datafield><datafield ind1="3" ind2="0" tag="246"><subfield code="a">Journal and American</subfield></datafield><datafield ind1=" " ind2=" " tag="260"><subfield code="a">Huntingdon, Pa. :</subfield><subfield code="b">Nash &amp; Whittaker,</subfield><subfield code="c">-1866.</subfield></datafield><datafield ind1=" " ind2=" " tag="300"><subfield code="a">v.</subfield></datafield><datafield ind1=" " ind2=" " tag="310"><subfield code="a">Weekly</subfield></datafield><datafield ind1="1" ind2=" " tag="362"><subfield code="a">Began in Dec. 1859.</subfield><subfield code="z">Cf. Rossell, G. Pa. newspapers.</subfield></datafield><datafield ind1="0" ind2=" " tag="362"><subfield code="a">-n.s. v. 7, no. 52 (Dec. 12, 1866).</subfield></datafield><datafield ind1=" " ind2=" " tag="500"><subfield code="a">Publisher: J.A. Nash &amp; Co., &lt;Apr. 4, 1866&gt;.</subfield></datafield><datafield ind1=" " ind2=" " tag="500"><subfield code="a">Variant title: Semi-weekly Huntingdon journal and American, June 4-Dec. 31, 1861.</subfield></datafield><datafield ind1=" " ind2=" " tag="500"><subfield code="a">Editors: John A. Nash, &lt;1866&gt;; Robert McDivitt, &lt;1866&gt;.</subfield></datafield><datafield ind1=" " ind2=" " tag="588"><subfield code="a">Description based on: New ser., v. 1, no. 2 (Dec. 14, 1859).</subfield></datafield><datafield ind1=" " ind2=" " tag="752"><subfield code="a">United States</subfield><subfield code="b">Pennsylvania</subfield><subfield code="c">Huntingdon</subfield><subfield code="d">Huntingdon.</subfield></datafield><datafield ind1="0" ind2="4" tag="780"><subfield code="t">Huntingdon American</subfield><subfield code="w">(DLC)sn 86081929</subfield></datafield><datafield ind1="0" ind2="4" tag="780"><subfield code="t">Huntingdon journal (Huntingdon, Pa. : 1843)</subfield><subfield code="w">(DLC)sn 86071456</subfield></datafield><datafield ind1="0" ind2="0" tag="785"><subfield code="t">Journal and American</subfield><subfield code="w">(DLC)sn 86081930</subfield></datafield><datafield ind1="1" ind2=" " tag="029"><subfield code="a">AU@</subfield><subfield code="b">000023563854</subfield></datafield></record>